@online{apple_2021_mit,
  author = {Apple},
  month = {01},
  title = {Mit TimeÂ Machine ein Backup eines Mac erstellen},
  url = {https://support.apple.com/de-ch/HT201250},
  urldate = {2021-03-30},
  year = {2021},
  organization = {Apple Support}
}

@online{a2021_hardware,
  title = {Hardware security overview},
  url = {https://support.apple.com/en-gb/guide/security/secf020d1074/web},
  urldate = {2021-03-30},
  year = {2021},
  organization = {Apple Support}
}

@online{a2021_keep,
  title = {Keep your Time Machine backup disk for Mac secure},
  url = {https://support.apple.com/en-gb/guide/mac-help/mh21241/mac},
  urldate = {2021-03-30},
  year = {2021},
  organization = {Apple Support}
}